@misc{man-yum,
	author = "Red Hat",
	title = "Yum - Linux man page",
	year = "\newline Consultado el 17 de Noviembre de 2016",
	howpublished = "\url{https://linux.die.net/man/8/yum}",
}

@misc{yum-proxy-conf,
	author = "CentOS",
	title = "Using yum with a Proxy Server",
	year = "\newline Consultado el 17 de Noviembre de 2016",
	howpublished = "\url{https://www.centos.org/docs/5/html/yum/sn-yum-proxy-server.html}",
}

@misc{yum-add-repo,
	author = "RedHat",
	title = "Adding a Yum Repository",
	year = "\newline Consultado el 17 de Noviembre de 2016",
	howpublished = "\url{https://access.redhat.com/documentation/en-US/Red_Hat_Enterprise_Linux/6/html/Deployment_Guide/sec-Managing_Yum_Repositories.html}",
}

@misc{apt-get,
	author = "Linux man page",
	title = "apt-get - Linux man page",
	year = "\newline Consultado el 17 de Noviembre de 2016",
	howpublished = "\url{https://linux.die.net/man/8/apt-get}",
}

@misc{apt-cache,
	author = "Linux man page",
	title = "apt-cache - Linux man page",
	year = "\newline Consultado el 17 de Noviembre de 2016",
	howpublished = "\url{https://linux.die.net/man/8/apt-cache}",
}

@misc{apt-proxy-conf,
	author = "Linux",
	title = "Using apt with a Proxy Server",
	year = "\newline Consultado el 17 de Noviembre de 2016",
	howpublished = "\url{https://linux.die.net/man/5/apt.conf}",
}

@misc{ufw,
	author = "Ubuntu",
	title = "Uncomplicated Firewall",
	year = "\newline Consultado el 17 de Noviembre de 2016",
	howpublished = "\url{https://wiki.ubuntu.com/UncomplicatedFirewall}",
}

@misc{ssh,
	author = "Linux man page",
	title = "ssh - Linux man page",
	year = "\newline Consultado el 17 de Noviembre de 2016",
	howpublished = "\url{http://linuxcommand.org/man_pages/ssh1.html}",
}

@misc{telnet,
	author = "Linux man page",
	title = "telnet - Linux man page",
	year = "\newline Consultado el 17 de Noviembre de 2016",
	howpublished = "\url{https://linux.die.net/man/1/telnet}",
}

@misc{direct-admin,
	author = "DirectAdmin",
	title = "Direct Admin - Web Control Panel",
	year = "\newline Consultado el 21 de Noviembre de 2016",
	howpublished = "\url{https://www.directadmin.com/}",
}

@misc{apache,
	author = "Apache",
	title = "Installing apache2 on CentOS",
	year = "\newline Consultado el 22 de Noviembre de 2016",
	howpublished = "\url{https://www.centos.org/docs/5/html/Cluster_Administration/s1-apache-inshttpd-CA.html}",
}

@misc{mysql,
	author = "MySQL",
	title = "Installing MySQL on CentOS",
	year = "\newline Consultado el 17 de Noviembre de 2016",
	howpublished = "\url{https://dev.mysql.com/doc/mysql-repo-excerpt/5.6/en/linux-installation-yum-repo.html#yum-install-components}",
}

@misc{diff,
	author = "Linux man page",
	title = "diff - Linux man page",
	year = "\newline Consultado el 22 de Noviembre de 2016",
	howpublished = "\url{http://man7.org/linux/man-pages/man1/diff.1.html}",
}

@misc{patch,
	author = "Linux man page",
	title = "patch - Linux man page",
	year = "\newline Consultado el 22 de Noviembre de 2016",
	howpublished = "\url{https://linux.die.net/man/1/patch}",
}

@misc{phpmyadmin,
	author = "phpMyAdmin",
	title = "Installing phpMyAdmin on Ubuntu",
	year = "\newline Consultado el 22 de Noviembre de 2016",
	howpublished = "\url{https://help.ubuntu.com/lts/serverguide/phpmyadmin.html}",
}

@misc{powershell,
	author = "Microsoft",
	title = "Killing a proccess with PowerShell",
	year = "\newline Consultado el 22 de Noviembre de 2016",
	howpublished = "\url{https://technet.microsoft.com/en-us/library/ee177004.aspx}",
}

@misc{grep,
	author = "Linux man page",
	title = "grep - Linux man page",
	year = "\newline Consultado el 23 de Noviembre de 2016",
	howpublished = "\url{https://linux.die.net/man/1/grep}",
}

@misc{find,
	author = "Linux man page",
	title = "find - Linux man page",
	year = "\newline Consultado el 23 de Noviembre de 2016",
	howpublished = "\url{https://linux.die.net/man/1/find}",
}

@misc{ps,
	author = "Linux man page",
	title = "ps - Linux man page",
	year = "\newline Consultado el 23 de Noviembre de 2016",
	howpublished = "\url{https://linux.die.net/man/1/ps}",
}

@misc{sed,
	author = "Linux man page",
	title = "sed - Linux man page",
	year = "\newline Consultado el 23 de Noviembre de 2016",
	howpublished = "\url{https://linux.die.net/man/1/sed}",
}

@misc{awk,
	author = "Linux man page",
	title = "awk - Linux man page",
	year = "\newline Consultado el 23 de Noviembre de 2016",
	howpublished = "\url{https://linux.die.net/man/1/awk}",
}

@misc{webmin,
	author = "Webmin",
	title = "Installing Webmin",
	year = "\newline Consultado el 22 de Noviembre de 2016",
	howpublished = "\url{http://www.webmin.com/deb.html}",
}
@misc{,
	author = "",
	title = "",
	year = "\newline Consultado el 21 de Noviembre de 2016",
	howpublished = "\url{}",
}
@misc{,
	author = "",
	title = "",
	year = "\newline Consultado el 21 de Noviembre de 2016",
	howpublished = "\url{}",
}
@misc{,
	author = "",
	title = "",
	year = "\newline Consultado el 21 de Noviembre de 2016",
	howpublished = "\url{}",
}
@misc{,
	author = "",
	title = "",
	year = "\newline Consultado el 21 de Noviembre de 2016",
	howpublished = "\url{}",
}







       
      