@article{mrx05, 
auTHor = "Mr. X", 
Title = {Something Great}, 
publisher = "nob" # "ody", 
YEAR = 2005, 
} 

@misc{dinahosting,
	title = "dinahosting.com",
	year = "Consultado el 24 de Octubre de 2016",
	howpublished = "\url{https://dinahosting.com/}",
}


@misc{figura141,
       author = "networklab",
       title = "Red NAT en VirtualBox",
       year = "\newline Consultado el 24 de Octubre de 2016",
       howpublished = "\url{http://www.nwlab.net/tutorials/virtualbox/virtualbox-nat.png}",
}

@misc{figura142,
	author = "thegeeky.space",
	title = "Bridge en VirtualBox",
	year = "\newline Consultado el 24 de Octubre de 2016",
	howpublished = "\url{http://2.bp.blogspot.com/-EFtknEtf6XE/VYZIfARwysI/AAAAAAAAAyY/19nJPXojaFs/s1600/How%2Bto%2Brun%2BBridged%2BVirtual%2BNetwork%2Bon%2BCentOS%252CKali%2BLinux%252C%2BWindows%2Bin%2BVirtualBox.%2BPractical%2Bexample2.png}",
}

@misc{figura143,
	author = "Alex Hahn",
	title = "Host-only en VirtualBox",
	year = "\newline Consultado el 24 de Octubre de 2016",
	howpublished = "\url{http://image.slidesharecdn.com/networkingbetweenhostandguestvmsinvirtualbox-120409045512-phpapp02/95/networking-between-host-and-guest-vms-in-virtualbox-5-728.jpg?cb=1333947479}",
}

@misc{microsoftmv,
	author = "Microsoft",
	title = "Comparación oficial de Microsoft",
	year = "\newline Consultado el 24 de Octubre de 2016",
	howpublished = "\url{https://www.microsoft.com/es-es/server-cloud/products/windows-server-2012-r2/comparison.aspx}",
}

@misc{seagatelevels,
	author = "Seagate",
	title = "Almacenamiento en niveles",
	year = "\newline Consultado el 24 de Octubre de 2016",
	howpublished = "\url{http://www.seagate.com/es/es/tech-insights/tiered-storage-enabling-and-advancing-cloud-capabilities-master-ti/}",
}

@misc{hyperV,
	author = "Microsoft",
	title = "Detalles técnicos de la Virtualización de red de Hyper-V",
	year = "\newline Consultado el 24 de Octubre de 2016",
	howpublished = "\url{https://msdn.microsoft.com/es-es/library/jj134174(v=ws.11).aspx}",
}

@misc{wnano,
	author = "Microsoft",
	title = "Nano Server 2016",
	year = "\newline Consultado el 24 de Octubre de 2016",
	howpublished = "\url{https://technet.microsoft.com/en-us/windows-server-docs/get-started/getting-started-with-nano-server}",
}

@misc{MAAS,
	author = "Canonical",
	title = "Metal As A Service",
	year = "\newline Consultado el 24 de Octubre de 2016",
	howpublished = "\url{http://maas.io/docs/en/}",
}

@misc{NFS,
	author = "Debian",
	title = "Sistema de archivos NFS",
	year = "\newline Consultado el 24 de Octubre de 2016",
	howpublished = "\url{https://debian-handbook.info/browse/es-ES/stable/sect.nfs-file-server.html}",
}

@misc{1and1,
	author = "1and1",
	title = "Servicio de hosting 1and1",
	year = "\newline Consultado el 24 de Octubre de 2016",
	howpublished = "\url{https://www.1and1.es/}",
}

@misc{Landscape,
	author = "Canonical",
	title = "Servicio de gestión Landscape",
	year = "\newline Consultado el 24 de Octubre de 2016",
	howpublished = "\url{https://landscape.canonical.com/static/doc/user-guide/ch01.html#idm45818554313920}",
}

@misc{centOS,
	author = "CentOS",
	title = "CentOS",
	year = "\newline Consultado el 24 de Octubre de 2016",
	howpublished = "\url{https://wiki.centos.org/}",
}


@misc{Fedora,
	author = "Fedora",
	title = "Fedora",
	year = "\newline Consultado el 24 de Octubre de 2016",
	howpublished = "\url{http://fedoraproject.org/wiki/Overview}",
}

@misc{RedHat,
	author = "Red Hat Inc",
	title = "Red Hat Company",
	year = "\newline Consultado el 24 de Octubre de 2016",
	howpublished = "\url{https://www.redhat.com/en/about/company}",
}

@misc{RHEL,
	author = "Red Hat Inc",
	title = "Red Hat Enterprise Linux",
	year = "\newline Consultado el 24 de Octubre de 2016",
	howpublished = "\url{https://www.redhat.com/en/technologies/linux-platforms/enterprise-linux}",
}

@misc{mitraid,
	author = "Massachusetts Institute of Technology",
	title = "Raid Software vs Raid Hardware",
	year = "\newline Consultado el 24 de Octubre de 2016",
	howpublished = "\url{http://web.mit.edu/rhel-doc/3/rhel-sag-en-3/s1-raid-approaches.html}",
}

@misc{LVM,
	author = "LVM",
	title = "Logical Volume Manager",
	year = "\newline Consultado el 24 de Octubre de 2016",
	howpublished = "\url{http://tldp.org/HOWTO/LVM-HOWTO/}",
}

@misc{lvmlowcost,
	author = "LVM",
	title = "LVM en servidores low cost",
	year = "\newline Consultado el 24 de Octubre de 2016",
	howpublished = "\url{http://tldp.org/HOWTO/LVM-HOWTO/benefitsoflvmsmall.html}",
}

@misc{var,
	author = "Debian",
	title = "How To Debian",
	year = "\newline Consultado el 24 de Octubre de 2016",
	howpublished = "\url{http://www.debian.org/doc/manuals/securing-debian-howto/ch3.en.html#s3.2}",
}

@misc{grub,
	author = "Grub",
	title = "Como instalar grub",
	year = "\newline Consultado el 24 de Octubre de 2016",
	howpublished = "\url{https://www.gnu.org/software/grub/manual/grub.html}",
}

@misc{windows_std_data,
	author = "Microsoft",
	title = "Standard vs Datacenter",
	year = "\newline Consultado el 24 de Octubre de 2016",
	howpublished = "\url{https://www.microsoft.com/es-es/server-cloud/products/windows-server-2012-r2/purchasing.aspx}",
}

@misc{conexionesVB,
	author = "VirtualBox",
	title = "Diferentes tipos de conexión en VirtualBox",
	year = "\newline Consultado el 24 de Octubre de 2016",
	howpublished = "\url{https://www.virtualbox.org/manual/ch06.html}",
}

@misc{,
	author = "",
	title = "",
	year = "\newline Consultado el 24 de Octubre de 2016",
	howpublished = "\url{}",
}









       
      